<record><leader>00000cas a2200000 a 4500</leader><controlfield tag="001">61761807</controlfield><controlfield tag="008">051003c19779999mnumr ne      0   a0eng c</controlfield><datafield ind1=" " ind2=" " tag="010"><subfield code="a">sn2007059014</subfield><subfield code="z">sn2005061019</subfield></datafield><datafield ind1=" " ind2=" " tag="040"><subfield code="a">CNK</subfield><subfield code="b">eng</subfield><subfield code="c">CNK</subfield><subfield code="d">OCLCQ</subfield><subfield code="d">DLC</subfield><subfield code="d">OCLCQ</subfield><subfield code="d">OCLCF</subfield></datafield><datafield ind1=" " ind2=" " tag="019"><subfield code="a">62560937</subfield></datafield><datafield ind1=" " ind2=" " tag="042"><subfield code="a">pcc</subfield></datafield><datafield ind1=" " ind2=" " tag="043"><subfield code="a">n-us-mn</subfield></datafield><datafield ind1="0" ind2="0" tag="245"><subfield code="a">Speaking of ourselves =</subfield><subfield code="b">Ni-mah-mi-kwa-zoo-min.</subfield></datafield><datafield ind1="3" ind2="1" tag="246"><subfield code="a">Ni-mah-mi-kwa-zoo-min</subfield></datafield><datafield ind1="1" ind2="7" tag="246"><subfield code="a">Ourselves</subfield></datafield><datafield ind1=" " ind2=" " tag="260"><subfield code="a">Cass Lake, Minn. :</subfield><subfield code="b">Minnesota Chippewa Tribe</subfield></datafield><datafield ind1=" " ind2=" " tag="300"><subfield code="a">v. :</subfield><subfield code="b">ill. ;</subfield><subfield code="c">39 cm.</subfield></datafield><datafield ind1=" " ind2=" " tag="310"><subfield code="a">Monthly</subfield></datafield><datafield ind1="1" ind2=" " tag="362"><subfield code="a">Began with vol. 4, no. 1 (Nov./Dec. 1977).</subfield></datafield><datafield ind1=" " ind2=" " tag="520"><subfield code="a">Includes separately paged and numbered reservation news sections: The News, no-dah-mo-win (Bois Forte Reservation); Anishinabe, dee-bah-gee-mo-win (White Earth Reservation); Mi-se-sa-ka-e-ka-nink (Mille Lacs Reservation); Ba-bash-ki-mini-ti-gog (Fond du Lac Reservation); Kitchi onigaming bimadiswin (Grand Portage Chippewas).</subfield></datafield><datafield ind1=" " ind2=" " tag="588"><subfield code="a">Description based on: Vol. 5, no. 5 (May 1979).</subfield></datafield><datafield ind1=" " ind2="0" tag="650"><subfield code="a">Ojibwa Indians</subfield><subfield code="v">Newspapers.</subfield></datafield><datafield ind1=" " ind2="0" tag="651"><subfield code="a">Cass Lake (Minn.)</subfield><subfield code="v">Newspapers.</subfield></datafield><datafield ind1=" " ind2="7" tag="655"><subfield code="a">Newspapers.</subfield><subfield code="2">fast</subfield><subfield code="0">(OCoLC)fst01423814</subfield></datafield><datafield ind1=" " ind2="7" tag="650"><subfield code="a">Ojibwa Indians.</subfield><subfield code="2">fast</subfield><subfield code="0">(OCoLC)fst01045067</subfield></datafield><datafield ind1=" " ind2="7" tag="651"><subfield code="a">Minnesota</subfield><subfield code="z">Cass Lake.</subfield><subfield code="2">fast</subfield><subfield code="0">(OCoLC)fst01253874</subfield></datafield><datafield ind1="1" ind2=" " tag="710"><subfield code="a">Minnesota Chippewa Tribe, Minnesota.</subfield></datafield><datafield ind1="0" ind2="2" tag="730"><subfield code="a">News (Bois Forte Reservation)</subfield></datafield><datafield ind1="0" ind2="2" tag="730"><subfield code="a">Anishinabe, dee-bah-gee-mo-win.</subfield></datafield><datafield ind1="0" ind2="2" tag="730"><subfield code="a">Mi-se-sa-ka-e-ka-nink.</subfield></datafield><datafield ind1="0" ind2="2" tag="730"><subfield code="a">Ba-bash-ki-mini-ti-gog.</subfield></datafield><datafield ind1="0" ind2="2" tag="730"><subfield code="a">Kitchi onigaming bimadiswin.</subfield></datafield><datafield ind1=" " ind2=" " tag="752"><subfield code="a">United States</subfield><subfield code="b">Minnesota</subfield><subfield code="c">Cass</subfield><subfield code="d">Cass Lake.</subfield></datafield><datafield ind1="0" ind2="0" tag="780"><subfield code="t">Ni-mi-kwa-zoo-min</subfield><subfield code="w">(OCoLC)6188912</subfield></datafield></record>